<record><leader>00000cas a22000007a 4500</leader><controlfield tag="001">13459981</controlfield><controlfield tag="008">860421d19431945nvuwr ne      0    0eng d</controlfield><datafield ind1=" " ind2=" " tag="010"><subfield code="a">sn 86076046 </subfield></datafield><datafield ind1=" " ind2=" " tag="040"><subfield code="a">NNX</subfield><subfield code="b">eng</subfield><subfield code="c">NNX</subfield><subfield code="d">OCLCQ</subfield></datafield><datafield ind1=" " ind2=" " tag="042"><subfield code="a">msc</subfield></datafield><datafield ind1="0" ind2=" " tag="130"><subfield code="a">Flyer (Reno, Nev.)</subfield></datafield><datafield ind1="1" ind2="0" tag="245"><subfield code="a">Flyer.</subfield></datafield><datafield ind1=" " ind2=" " tag="260"><subfield code="a">Reno, Nev. :</subfield><subfield code="b">Nevada State Journal,</subfield><subfield code="c">1943-1945.</subfield></datafield><datafield ind1=" " ind2=" " tag="300"><subfield code="a">3 v. :</subfield><subfield code="b">ill.</subfield></datafield><datafield ind1=" " ind2=" " tag="310"><subfield code="a">Weekly</subfield></datafield><datafield ind1="0" ind2=" " tag="362"><subfield code="a">Vol. 1, no. 10 (Mar. 13, 1943)-v. 3, no. 44 (Nov. 2, 1945).</subfield></datafield><datafield ind1="8" ind2=" " tag="521"><subfield code="a">Military.</subfield></datafield><datafield ind1=" " ind2=" " tag="530"><subfield code="a">Microfilm available from Bay Microfilm.</subfield></datafield><datafield ind1=" " ind2=" " tag="752"><subfield code="a">United States</subfield><subfield code="b">Nevada</subfield><subfield code="c">Washoe</subfield><subfield code="d">Reno.</subfield></datafield><datafield ind1="0" ind2="0" tag="780"><subfield code="t">Reno Army Air Base flyer</subfield><subfield code="w">(DLC)sn 86076045</subfield><subfield code="w">(OCoLC)13459958</subfield></datafield></record>